<?xml version="1.0" encoding="UTF-8"?><collection xmlns="http://www.loc.gov/MARC21/slim"><record><leader>00332nam--2200121-i-4500</leader><controlfield tag="001">000038794</controlfield><controlfield tag="002">20161230</controlfield><controlfield tag="005">20161230201042</controlfield><controlfield tag="008">060222s1000------------r-----000-0-eng-d</controlfield><datafield ind1=" " ind2=" " tag="080"><subfield code="a">001.89</subfield></datafield><datafield ind1=" " ind2=" " tag="245"><subfield code="a">Ricerca scientifica e sviluppo economico: 5.i settori della ricerca (parte soconda)</subfield></datafield><datafield ind1=" " ind2=" " tag="260"><subfield code="a">Roma, Cnen, 1963-1968</subfield></datafield><datafield ind1=" " ind2=" " tag="852"><subfield code="a">25936</subfield></datafield></record></collection>